<record><leader>00000cas a22000007a 4500</leader><controlfield tag="001">10535588</controlfield><controlfield tag="008">840319d1939194uiluwr ne      0    0eng d</controlfield><datafield ind1=" " ind2=" " tag="010"><subfield code="a">sn 84037029 </subfield></datafield><datafield ind1=" " ind2=" " tag="040"><subfield code="a">CRL</subfield><subfield code="b">eng</subfield><subfield code="c">CRL</subfield><subfield code="d">NPW</subfield><subfield code="d">OCLCQ</subfield></datafield><datafield ind1="0" ind2=" " tag="041"><subfield code="a">engger</subfield></datafield><datafield ind1=" " ind2=" " tag="042"><subfield code="a">msc</subfield></datafield><datafield ind1="0" ind2=" " tag="130"><subfield code="a">Free American and deutscher Weckruf und Beobachter (Chicago, Ill.)</subfield></datafield><datafield ind1="1" ind2="4" tag="245"><subfield code="a">The Free American and deutscher Weckruf und Beobachter.</subfield></datafield><datafield ind1="1" ind2="3" tag="246"><subfield code="a">Free American, deutscher Wecruf [sic]</subfield><subfield code="f">Dec. 14, 1939-Jan. 18, 1940</subfield></datafield><datafield ind1=" " ind2=" " tag="260"><subfield code="a">Chicago, Ill. :</subfield><subfield code="b">Teutonia Pub. Co.,</subfield><subfield code="c">1939-</subfield></datafield><datafield ind1=" " ind2=" " tag="300"><subfield code="a">v. :</subfield><subfield code="b">ill.</subfield></datafield><datafield ind1=" " ind2=" " tag="310"><subfield code="a">Weekly</subfield></datafield><datafield ind1="0" ind2=" " tag="362"><subfield code="a">Vol. 6, no. 50 (Dec. 14, 1939)-</subfield></datafield><datafield ind1=" " ind2=" " tag="546"><subfield code="a">English and German.</subfield></datafield><datafield ind1=" " ind2=" " tag="752"><subfield code="a">United States</subfield><subfield code="b">Illinois</subfield><subfield code="c">Cook</subfield><subfield code="d">Chicago.</subfield></datafield><datafield ind1="0" ind2="0" tag="780"><subfield code="t">Deutscher Weckruf und Beobachter, the Free American</subfield><subfield code="w">(DLC)sn 84037028</subfield></datafield></record>